@online{stepcounter,
	author = {Thang Nguyen},
	title = {Step Counter and Smart Reminder},
	url = {https://itunes.apple.com/us/app/step-counter-smart-reminder/id991260937?mt=8},
}

@online{fitnesspal,
	author = {MyFitnessPal, Inc.},
	title = {Calorie Counter - MyFitnessPal},
	url = {https://play.google.com/store/apps/details?id=com.myfitnesspal.android&hl=en},
}
